<?xml version="1.0" encoding="UTF-8"?><collection xmlns="http://www.loc.gov/MARC21/slim"><record><leader>00714nam--2200217-u-4500</leader><controlfield tag="001">000053736</controlfield><controlfield tag="002">20161230</controlfield><controlfield tag="005">20161230201051</controlfield><controlfield tag="008">110602s1000------------r-----000-0-eng-d</controlfield><datafield ind1=" " ind2=" " tag="020"><subfield code="a">9971500256</subfield></datafield><datafield ind1=" " ind2=" " tag="040"><subfield code="a">IFIN-HH</subfield></datafield><datafield ind1=" " ind2=" " tag="080"><subfield code="a">537.638:548.9</subfield></datafield><datafield ind1="1" ind2=" " tag="100"><subfield code="a">Toledano, Jean-Claude</subfield></datafield><datafield ind1="1" ind2="0" tag="245"><subfield code="a">The landau theory of phase transitions</subfield><subfield code="b">Application to structural, incommensurate, magnetic, and liquid crystal systems</subfield><subfield code="c">Jean-claude toledano; pierre toledano</subfield></datafield><datafield ind1=" " ind2=" " tag="260"><subfield code="a">Singapore</subfield><subfield code="b">World Scientific</subfield><subfield code="c">1987</subfield></datafield><datafield ind1=" " ind2=" " tag="300"><subfield code="a">451P</subfield></datafield><datafield ind1=" " ind2=" " tag="490"><subfield code="a">World Scinetific Lecture Notes In Physics</subfield><subfield code="v">Vol. 3</subfield></datafield><datafield ind1=" " ind2="4" tag="650"><subfield code="a">Phase Transitions</subfield></datafield><datafield ind1="1" ind2=" " tag="700"><subfield code="a">Toledano, Pierre</subfield></datafield><datafield ind1=" " ind2=" " tag="852"><subfield code="a">74827</subfield><subfield code="c">536.7</subfield></datafield><datafield ind1=" " ind2=" " tag="CAT"><subfield code="a">Sys</subfield><subfield code="c">20110602</subfield><subfield code="h">093910</subfield></datafield></record></collection>